% Encoding: UTF-8

@misc{apho,
 author = {Asian Physics Olympiad - Israel},
 title = {Theoretical Question 2: Creaking Door},
 year = {2011},
 URL = {http://staff.ustc.edu.cn/~bjye/ye/APhO/2011Q2.pdf},
 note = {[Last accessed: 25.09.2020]}
}

@article {Prior1719,
	author = {Prior, Chris and Moussou, Julien and Chakrabarti, Buddhapriya and Jensen, Oliver E. and Juel, Anne},
	title = {Ribbon curling via stress relaxation in thin polymer films},
	volume = {113},
	number = {7},
	pages = {1719--1724},
	year = {2016},
	doi = {10.1073/pnas.1514626113},
	publisher = {National Academy of Sciences},
	issn = {0027-8424},
	URL = {https://www.pnas.org/content/113/7/1719},
	eprint = {https://www.pnas.org/content/113/7/1719.full.pdf},
	journal = {Proceedings of the National Academy of Sciences}
}

@article{CASTRO20032083,
title = "Elasto-plasticity of paper",
journal = "International Journal of Plasticity",
volume = "19",
number = "12",
pages = "2083 - 2098",
year = "2003",
issn = "0749-6419",
doi = "https://doi.org/10.1016/S0749-6419(03)00060-3",
url = "http://www.sciencedirect.com/science/article/pii/S0749641903000603",
author = "Jaime Castro and Martin Ostoja-Starzewski"
}

@misc{oregon,
 author = {Oregon State University},
 title = {Earthquakes-The Rolling Earth},
 URL = {http://volcano.oregonstate.edu/oldroot/education/vwlessons/lessons/Ch2CM/Content4Earthquakes.html},
 note = {[Last accessed: 25.09.2020]}
}
